@ARTICLE{Cundall-1979,
  author    = {Cundall, P. A. and Strack, O. D. L.},
  title     = {A discrete numerical model for granular assemblies},
  journal   = {G\'eotechnique},
  year      = {1979},
  volume    = {29},
  pages     = {47--65},
  number    = {1}
}

@PHDTHESIS{Luding-1994,
  author    = {Luding, S.},
  title     = {Models and Simulations of Granular Materials},
  school    = {Universität Freiburg},
  year      = {1994},
  type      = {PhD}
}

@INPROCEEDINGS{Luding-2004,
  author    = {Luding, S.},
  title     = {Molecular Dynamics Simulations of Granular Materials},
  booktitle = {The Physics of Granular Media},
  year      = {2004},
  editor    = {Hinrichsen, H. and Wolf, D.},
  pages     = {299--324},
  address   = {Weinheim},
  publisher = {Wiley-VCH}
}

@ARTICLE{CPP-Survey-2019,
author = {Cabreira, T. M. and Brisolara, L. B. and Ferreira, P. R.},
title = {Survey on Coverage Path Planning with Unmanned Aerial Vehicles},
year = {2019},
address = {Pelotas},
school = {Universidade Federal de Pelotas}
}
